<record><leader>00000cas a2200000 a 4500</leader><controlfield tag="001">13417909</controlfield><controlfield tag="007">hd afu---baca</controlfield><controlfield tag="008">860410c18889999ctudn nea     0   a0eng  </controlfield><datafield ind1=" " ind2=" " tag="010"><subfield code="a">  2014210620</subfield></datafield><datafield ind1=" " ind2=" " tag="040"><subfield code="a">WTU</subfield><subfield code="b">eng</subfield><subfield code="c">WTU</subfield><subfield code="d">HUL</subfield><subfield code="d">OCL</subfield><subfield code="d">OCLCQ</subfield><subfield code="d">BOS</subfield><subfield code="d">OCLCQ</subfield><subfield code="d">OCLCO</subfield><subfield code="d">OCLCF</subfield><subfield code="d">DOS</subfield><subfield code="d">DLC</subfield><subfield code="d">OCLCO</subfield></datafield><datafield ind1=" " ind2=" " tag="019"><subfield code="a">8631650</subfield><subfield code="a">32877298</subfield></datafield><datafield ind1=" " ind2=" " tag="022"><subfield code="a">0307-1766</subfield><subfield code="l">0307-1766</subfield></datafield><datafield ind1=" " ind2=" " tag="037"><subfield code="b">The Financial Times, Bracken House, 10 Cannon St., London EC4P 4BY, England</subfield></datafield><datafield ind1=" " ind2=" " tag="042"><subfield code="a">pcc</subfield></datafield><datafield ind1="0" ind2="0" tag="050"><subfield code="a">Newspaper</subfield></datafield><datafield ind1=" " ind2="4" tag="050"><subfield code="a">HG1</subfield><subfield code="b">.F548</subfield></datafield><datafield ind1="0" ind2=" " tag="130"><subfield code="a">Financial times (London, England)</subfield></datafield><datafield ind1="0" ind2=" " tag="210"><subfield code="a">Financ. times</subfield><subfield code="b">(Lond. ed.)</subfield></datafield><datafield ind1=" " ind2="0" tag="222"><subfield code="a">Financial times</subfield><subfield code="b">(London ed.)</subfield></datafield><datafield ind1="1" ind2="4" tag="245"><subfield code="a">The Financial times</subfield><subfield code="h">[microform].</subfield></datafield><datafield ind1=" " ind2=" " tag="250"><subfield code="a">London ed.</subfield></datafield><datafield ind1=" " ind2=" " tag="260"><subfield code="a">London, U.K. :</subfield><subfield code="b">MacRae, Curtice &amp; Co.,</subfield><subfield code="c">1888-</subfield></datafield><datafield ind1=" " ind2=" " tag="300"><subfield code="a">volumes :</subfield><subfield code="b">illustrations</subfield></datafield><datafield ind1=" " ind2=" " tag="310"><subfield code="a">Daily (except Sunday)</subfield></datafield><datafield ind1=" " ind2=" " tag="336"><subfield code="a">text</subfield><subfield code="b">txt</subfield><subfield code="2">rdacontent</subfield></datafield><datafield ind1=" " ind2=" " tag="337"><subfield code="a">microform</subfield><subfield code="b">h</subfield><subfield code="2">rdamedia</subfield></datafield><datafield ind1=" " ind2=" " tag="338"><subfield code="a">microfilm reel</subfield><subfield code="b">hd</subfield><subfield code="2">rdacarrier</subfield></datafield><datafield ind1="0" ind2=" " tag="362"><subfield code="a">New ser., no. 1 (Feb. 13, 1888)-</subfield></datafield><datafield ind1=" " ind2=" " tag="515"><subfield code="a">Later issues no longer called New series.</subfield></datafield><datafield ind1=" " ind2=" " tag="580"><subfield code="a">Issued also in Frankfurt and North American editions.</subfield></datafield><datafield ind1=" " ind2=" " tag="588"><subfield code="a">Description based on: Feb. 13, 1888.</subfield></datafield><datafield ind1=" " ind2=" " tag="588"><subfield code="a">Latest issue consulted: April 30, 2014.</subfield></datafield><datafield ind1=" " ind2=" " tag="533"><subfield code="a">Microfilm.</subfield><subfield code="b">Woodbridge, Conn. :</subfield><subfield code="c">Research Publications,</subfield><subfield code="d">&lt;1974-&gt;</subfield><subfield code="e">microfilm reels ; 35 mm.</subfield><subfield code="n">Publisher changed to Primary Source Media, &lt;1995-&gt;</subfield></datafield><datafield ind1=" " ind2="0" tag="650"><subfield code="a">Finance</subfield><subfield code="v">Periodicals.</subfield></datafield><datafield ind1=" " ind2="7" tag="650"><subfield code="a">Finance.</subfield><subfield code="2">fast</subfield><subfield code="0">(OCoLC)fst00924349</subfield></datafield><datafield ind1=" " ind2="7" tag="655"><subfield code="a">Periodicals.</subfield><subfield code="2">fast</subfield><subfield code="0">(OCoLC)fst01411641</subfield></datafield><datafield ind1=" " ind2=" " tag="752"><subfield code="a">Great Britain</subfield><subfield code="b">England</subfield><subfield code="d">London.</subfield></datafield><datafield ind1="1" ind2=" " tag="775"><subfield code="t">Financial times (Frankfurt edition)</subfield><subfield code="x">0174-7363</subfield><subfield code="w">(DLC)sn 85007778</subfield><subfield code="w">(OCoLC)11962086</subfield></datafield><datafield ind1="1" ind2=" " tag="775"><subfield code="t">Financial times (North American edition)</subfield><subfield code="x">0884-6782</subfield><subfield code="w">(DLC)sn 85006603</subfield><subfield code="w">(OCoLC)12412740</subfield></datafield><datafield ind1="1" ind2=" " tag="776"><subfield code="c">Original</subfield><subfield code="w">(DLC)sn 83016421</subfield><subfield code="w">(OCoLC)1383680</subfield></datafield><datafield ind1="0" ind2="5" tag="780"><subfield code="t">Bullionist</subfield></datafield><datafield ind1="0" ind2="5" tag="780"><subfield code="t">Financier</subfield><subfield code="g">May 24, 1924</subfield></datafield><datafield ind1="0" ind2="5" tag="780"><subfield code="t">Financial news</subfield><subfield code="g">Oct. 1, 1945</subfield></datafield></record>